<record><leader>00000cas a22000007a 4500</leader><controlfield tag="001">15112984</controlfield><controlfield tag="008">870126d18831913inuwr ne      0    0eng d</controlfield><datafield ind1=" " ind2=" " tag="010"><subfield code="a">sn 87055095 </subfield></datafield><datafield ind1=" " ind2=" " tag="040"><subfield code="a">NPI</subfield><subfield code="b">eng</subfield><subfield code="c">NPI</subfield><subfield code="d">OCLCQ</subfield></datafield><datafield ind1=" " ind2=" " tag="042"><subfield code="a">msc</subfield></datafield><datafield ind1="0" ind2=" " tag="130"><subfield code="a">Kewanna herald (Kewanna, Ind. : 1883)</subfield></datafield><datafield ind1="1" ind2="4" tag="245"><subfield code="a">The Kewanna herald.</subfield></datafield><datafield ind1=" " ind2=" " tag="260"><subfield code="a">Kewanna, Ind. :</subfield><subfield code="b">Chas. E. Newton</subfield></datafield><datafield ind1=" " ind2=" " tag="310"><subfield code="a">Weekly</subfield></datafield><datafield ind1="1" ind2=" " tag="362"><subfield code="a">Began with Aug. 20, 1883 issue; ceased in 1913.</subfield></datafield><datafield ind1=" " ind2=" " tag="588"><subfield code="a">Description based on: Vol. 6, no. 37 (May 10, 1889).</subfield></datafield><datafield ind1=" " ind2=" " tag="752"><subfield code="a">United States</subfield><subfield code="b">Indiana</subfield><subfield code="c">Fulton</subfield><subfield code="d">Kewanna.</subfield></datafield><datafield ind1="0" ind2="0" tag="785"><subfield code="t">Sun (Rochester, Ind.)</subfield><subfield code="w">(DLC)sn 87055118</subfield></datafield></record>